@book{sicherheit_von_webanwendungen_in_der_praxis,
  author="Rohr, Mathias",
  title="{Sicherheit von Webanwendungen in der Praxis}",
  publisher="Springer Vieweg",
  year=2015,
  isbn="978-3-658-03850-2",
    }
@misc{usage_of_server-side_programming_languages_for_websites,
	title="Usage of server-side programming languages for websites",
	howpublished="Online",
	year=2016,
	month=mar,
	day=16,
	url="http://w3techs.com/technologies/overview/programming_language/all"		
	}

@book{beginning_asp.net_mvc4,
		author="Paz, José Rolando Guay",
		title="Beginning ASP.NET MVC 4",
		publisher="Apress",
		isbn="978-1-4302-5753-0",
		year="2013"
	}
	
